%YAML 1.1
%TAG !u! tag:unity3d.com,2011:
--- !u!1001 &785915935129748286
PrefabInstance:
  m_ObjectHideFlags: 0
  serializedVersion: 2
  m_Modification:
    serializedVersion: 3
    m_TransformParent: {fileID: 0}
    m_Modifications:
    - target: {fileID: -8679921383154817045, guid: 041a629efef666046aa5ea5ef96e3722, type: 3}
      propertyPath: m_LocalPosition.x
      value: 0
      objectReference: {fileID: 0}
    - target: {fileID: -8679921383154817045, guid: 041a629efef666046aa5ea5ef96e3722, type: 3}
      propertyPath: m_LocalPosition.y
      value: 0
      objectReference: {fileID: 0}
    - target: {fileID: -8679921383154817045, guid: 041a629efef666046aa5ea5ef96e3722, type: 3}
      propertyPath: m_LocalPosition.z
      value: 0
      objectReference: {fileID: 0}
    - target: {fileID: -8679921383154817045, guid: 041a629efef666046aa5ea5ef96e3722, type: 3}
      propertyPath: m_LocalRotation.w
      value: 1
      objectReference: {fileID: 0}
    - target: {fileID: -8679921383154817045, guid: 041a629efef666046aa5ea5ef96e3722, type: 3}
      propertyPath: m_LocalRotation.x
      value: 0
      objectReference: {fileID: 0}
    - target: {fileID: -8679921383154817045, guid: 041a629efef666046aa5ea5ef96e3722, type: 3}
      propertyPath: m_LocalRotation.y
      value: 0
      objectReference: {fileID: 0}
    - target: {fileID: -8679921383154817045, guid: 041a629efef666046aa5ea5ef96e3722, type: 3}
      propertyPath: m_LocalRotation.z
      value: 0
      objectReference: {fileID: 0}
    - target: {fileID: -8679921383154817045, guid: 041a629efef666046aa5ea5ef96e3722, type: 3}
      propertyPath: m_LocalEulerAnglesHint.x
      value: 0
      objectReference: {fileID: 0}
    - target: {fileID: -8679921383154817045, guid: 041a629efef666046aa5ea5ef96e3722, type: 3}
      propertyPath: m_LocalEulerAnglesHint.y
      value: 0
      objectReference: {fileID: 0}
    - target: {fileID: -8679921383154817045, guid: 041a629efef666046aa5ea5ef96e3722, type: 3}
      propertyPath: m_LocalEulerAnglesHint.z
      value: 0
      objectReference: {fileID: 0}
    - target: {fileID: -7823293702887809713, guid: 041a629efef666046aa5ea5ef96e3722, type: 3}
      propertyPath: m_Materials.Array.data[0]
      value: 
      objectReference: {fileID: 2100000, guid: 49d397c39ac2dab4ca25dee05f253ba7, type: 2}
    - target: {fileID: -6138923895777843317, guid: 041a629efef666046aa5ea5ef96e3722, type: 3}
      propertyPath: m_Materials.Array.data[0]
      value: 
      objectReference: {fileID: 2100000, guid: 49d397c39ac2dab4ca25dee05f253ba7, type: 2}
    - target: {fileID: -5738929356375114689, guid: 041a629efef666046aa5ea5ef96e3722, type: 3}
      propertyPath: m_Materials.Array.data[0]
      value: 
      objectReference: {fileID: 2100000, guid: d6520d77268e5d14e817e8c991fd6a61, type: 2}
    - target: {fileID: -3287904155548602526, guid: 041a629efef666046aa5ea5ef96e3722, type: 3}
      propertyPath: m_Materials.Array.data[0]
      value: 
      objectReference: {fileID: 2100000, guid: 49d397c39ac2dab4ca25dee05f253ba7, type: 2}
    - target: {fileID: 919132149155446097, guid: 041a629efef666046aa5ea5ef96e3722, type: 3}
      propertyPath: m_Name
      value: RedHiderLobbyPrefabV1
      objectReference: {fileID: 0}
    - target: {fileID: 1630794972795428178, guid: 041a629efef666046aa5ea5ef96e3722, type: 3}
      propertyPath: m_Materials.Array.data[0]
      value: 
      objectReference: {fileID: 2100000, guid: 49d397c39ac2dab4ca25dee05f253ba7, type: 2}
    - target: {fileID: 2321523695958950486, guid: 041a629efef666046aa5ea5ef96e3722, type: 3}
      propertyPath: m_Materials.Array.data[0]
      value: 
      objectReference: {fileID: 2100000, guid: 49d397c39ac2dab4ca25dee05f253ba7, type: 2}
    - target: {fileID: 4123177642777943866, guid: 041a629efef666046aa5ea5ef96e3722, type: 3}
      propertyPath: m_Materials.Array.data[0]
      value: 
      objectReference: {fileID: 2100000, guid: 49d397c39ac2dab4ca25dee05f253ba7, type: 2}
    - target: {fileID: 5128063986421979777, guid: 041a629efef666046aa5ea5ef96e3722, type: 3}
      propertyPath: m_Materials.Array.data[0]
      value: 
      objectReference: {fileID: 2100000, guid: 49d397c39ac2dab4ca25dee05f253ba7, type: 2}
    - target: {fileID: 5866666021909216657, guid: 041a629efef666046aa5ea5ef96e3722, type: 3}
      propertyPath: m_Avatar
      value: 
      objectReference: {fileID: 9000000, guid: 041a629efef666046aa5ea5ef96e3722, type: 3}
    - target: {fileID: 5866666021909216657, guid: 041a629efef666046aa5ea5ef96e3722, type: 3}
      propertyPath: m_Controller
      value: 
      objectReference: {fileID: 9100000, guid: 495d4147292f74e4b9c4712dc647e7c9, type: 2}
    - target: {fileID: 5866666021909216657, guid: 041a629efef666046aa5ea5ef96e3722, type: 3}
      propertyPath: m_CullingMode
      value: 0
      objectReference: {fileID: 0}
    - target: {fileID: 5866666021909216657, guid: 041a629efef666046aa5ea5ef96e3722, type: 3}
      propertyPath: m_WarningMessage
      value: 
      objectReference: {fileID: 0}
    - target: {fileID: 5866666021909216657, guid: 041a629efef666046aa5ea5ef96e3722, type: 3}
      propertyPath: m_ApplyRootMotion
      value: 0
      objectReference: {fileID: 0}
    m_RemovedComponents: []
    m_RemovedGameObjects: []
    m_AddedGameObjects: []
    m_AddedComponents:
    - targetCorrespondingSourceObject: {fileID: 919132149155446097, guid: 041a629efef666046aa5ea5ef96e3722, type: 3}
      insertIndex: -1
      addedObject: {fileID: 2289368895758956319}
    - targetCorrespondingSourceObject: {fileID: 919132149155446097, guid: 041a629efef666046aa5ea5ef96e3722, type: 3}
      insertIndex: -1
      addedObject: {fileID: 7999409976411310080}
    - targetCorrespondingSourceObject: {fileID: 919132149155446097, guid: 041a629efef666046aa5ea5ef96e3722, type: 3}
      insertIndex: -1
      addedObject: {fileID: 4455850513456981148}
    - targetCorrespondingSourceObject: {fileID: 919132149155446097, guid: 041a629efef666046aa5ea5ef96e3722, type: 3}
      insertIndex: -1
      addedObject: {fileID: 2362544082887909662}
  m_SourcePrefab: {fileID: 100100000, guid: 041a629efef666046aa5ea5ef96e3722, type: 3}
--- !u!1 &443969261530480239 stripped
GameObject:
  m_CorrespondingSourceObject: {fileID: 919132149155446097, guid: 041a629efef666046aa5ea5ef96e3722, type: 3}
  m_PrefabInstance: {fileID: 785915935129748286}
  m_PrefabAsset: {fileID: 0}
--- !u!114 &2289368895758956319
MonoBehaviour:
  m_ObjectHideFlags: 0
  m_CorrespondingSourceObject: {fileID: 0}
  m_PrefabInstance: {fileID: 0}
  m_PrefabAsset: {fileID: 0}
  m_GameObject: {fileID: 443969261530480239}
  m_Enabled: 1
  m_EditorHideFlags: 0
  m_Script: {fileID: 11500000, guid: 627855c7f81362d41938ffe0b1475957, type: 3}
  m_Name: 
  m_EditorClassIdentifier: 
  m_SynchronizePosition: 1
  m_SynchronizeRotation: 1
  m_SynchronizeScale: 0
  m_UseLocal: 1
--- !u!114 &7999409976411310080
MonoBehaviour:
  m_ObjectHideFlags: 0
  m_CorrespondingSourceObject: {fileID: 0}
  m_PrefabInstance: {fileID: 0}
  m_PrefabAsset: {fileID: 0}
  m_GameObject: {fileID: 443969261530480239}
  m_Enabled: 1
  m_EditorHideFlags: 0
  m_Script: {fileID: 11500000, guid: aa584fbee541324448dd18d8409c7a41, type: 3}
  m_Name: 
  m_EditorClassIdentifier: 
  ObservedComponentsFoldoutOpen: 1
  Group: 0
  prefixField: -1
  Synchronization: 3
  OwnershipTransfer: 0
  observableSearch: 2
  ObservedComponents:
  - {fileID: 2289368895758956319}
  - {fileID: 4455850513456981148}
  sceneViewId: 0
  InstantiationId: 0
  isRuntimeInstantiated: 0
--- !u!114 &4455850513456981148
MonoBehaviour:
  m_ObjectHideFlags: 0
  m_CorrespondingSourceObject: {fileID: 0}
  m_PrefabInstance: {fileID: 0}
  m_PrefabAsset: {fileID: 0}
  m_GameObject: {fileID: 443969261530480239}
  m_Enabled: 1
  m_EditorHideFlags: 0
  m_Script: {fileID: 11500000, guid: 9b8c4a61274f60b4ea5fb4299cfdbf14, type: 3}
  m_Name: 
  m_EditorClassIdentifier: 
  ShowLayerWeightsInspector: 1
  ShowParameterInspector: 1
  m_SynchronizeParameters: []
  m_SynchronizeLayers:
  - SynchronizeType: 2
    LayerIndex: 0
--- !u!114 &2362544082887909662
MonoBehaviour:
  m_ObjectHideFlags: 0
  m_CorrespondingSourceObject: {fileID: 0}
  m_PrefabInstance: {fileID: 0}
  m_PrefabAsset: {fileID: 0}
  m_GameObject: {fileID: 443969261530480239}
  m_Enabled: 1
  m_EditorHideFlags: 0
  m_Script: {fileID: 11500000, guid: aa584fbee541324448dd18d8409c7a41, type: 3}
  m_Name: 
  m_EditorClassIdentifier: 
  ObservedComponentsFoldoutOpen: 1
  Group: 0
  prefixField: -1
  Synchronization: 3
  OwnershipTransfer: 0
  observableSearch: 2
  ObservedComponents:
  - {fileID: 2289368895758956319}
  - {fileID: 4455850513456981148}
  sceneViewId: 0
  InstantiationId: 0
  isRuntimeInstantiated: 0
